@inproceedings{DBLP:conf/aips/CsernaRF17,
	author    = {Bence Cserna and
		Wheeler Ruml and
		Jeremy Frank},
	title     = {{Planning Time to Think: Metareasoning for On-Line Planning with Durative
		Actions}},
	booktitle = {Proceedings of the Twenty-Seventh International Conference on Automated
		Planning and Scheduling, {ICAPS} 2017.},
	pages     = {56--60},
	year      = {2017},
	crossref  = {DBLP:conf/aips/2017},
	url       = {https://aaai.org/ocs/index.php/ICAPS/ICAPS17/paper/view/15753},
	timestamp = {Tue, 26 Sep 2017 07:41:36 +0200},
	biburl    = {https://dblp.org/rec/bib/conf/aips/CsernaRF17},
	bibsource = {dblp computer science bibliography, https://dblp.org}
}

@article{DBLP:journals/jacm/DechterP85,
	author    = {Rina Dechter and
		Judea Pearl},
	title     = {{Generalized Best-First Search Strategies and the Optimality of A*}},
	journal   = {J. {ACM}},
	volume    = {32},
	number    = {3},
	pages     = {505--536},
	year      = {1985},
	url       = {http://doi.acm.org/10.1145/3828.3830},
	doi       = {10.1145/3828.3830},
	timestamp = {Thu, 26 Jan 2012 17:31:31 +0100},
	biburl    = {https://dblp.org/rec/bib/journals/jacm/DechterP85},
	bibsource = {dblp computer science bibliography, https://dblp.org}
}

@inproceedings{DBLP:conf/ijcai/Pemberton95,
	author    = {Joseph C. Pemberton},
	title     = {{k-Best: {A} New Method for Real-Time Decision Making}},
	booktitle = {Proceedings of the Fourteenth International Joint Conference on Artificial
		Intelligence, {IJCAI} 95},
	pages     = {227--235},
	year      = {1995},
	crossref  = {DBLP:conf/ijcai/1995},
	url       = {http://ijcai.org/Proceedings/95-1/Papers/030.pdf},
	timestamp = {Tue, 19 Jul 2016 15:06:26 +0200},
	biburl    = {https://dblp.org/rec/bib/conf/ijcai/Pemberton95},
	bibsource = {dblp computer science bibliography, https://dblp.org}
}

@article{DBLP:journals/tssc/HartNR68,
	author    = {Peter E. Hart and
		Nils J. Nilsson and
		Bertram Raphael},
	title     = {{A Formal Basis for the Heuristic Determination of Minimum Cost Paths}},
	journal   = {{IEEE} Trans. Systems Science and Cybernetics},
	volume    = {4},
	number    = {2},
	pages     = {100--107},
	year      = {1968},
	url       = {https://doi.org/10.1109/TSSC.1968.300136},
	doi       = {10.1109/TSSC.1968.300136},
	timestamp = {Sun, 28 May 2017 13:17:35 +0200},
	biburl    = {https://dblp.org/rec/bib/journals/tssc/HartNR68},
	bibsource = {dblp computer science bibliography, https://dblp.org}
}

@article{DBLP:journals/jair/KieselBR15,
	author    = {Scott Kiesel and
		Ethan Burns and
		Wheeler Ruml},
	title     = {{Achieving Goals Quickly Using Real-time Search: Experimental Results
		in Video Games}},
	journal   = {J. Artif. Intell. Res.},
	volume    = {54},
	pages     = {123--158},
	year      = {2015},
	url       = {https://doi.org/10.1613/jair.4800},
	doi       = {10.1613/jair.4800},
	timestamp = {Wed, 21 Jun 2017 14:58:49 +0200},
	biburl    = {https://dblp.org/rec/bib/journals/jair/KieselBR15},
	bibsource = {dblp computer science bibliography, https://dblp.org}
}

@article{DBLP:journals/aamas/KoenigS09,
	author    = {Sven Koenig and
		Xiaoxun Sun},
	title     = {{Comparing real-time and incremental heuristic search for real-time
		situated agents}},
	journal   = {Autonomous Agents and Multi-Agent Systems},
	volume    = {18},
	number    = {3},
	pages     = {313--341},
	year      = {2009},
	url       = {https://doi.org/10.1007/s10458-008-9061-x},
	doi       = {10.1007/s10458-008-9061-x},
	timestamp = {Sat, 20 May 2017 00:23:00 +0200},
	biburl    = {https://dblp.org/rec/bib/journals/aamas/KoenigS09},
	bibsource = {dblp computer science bibliography, https://dblp.org}
}

@inproceedings{DBLP:conf/ijcai/TolpinBSFK13,
	author    = {David Tolpin and
		Tal Beja and
		Solomon Eyal Shimony and
		Ariel Felner and
		Erez Karpas},
	title     = {{Toward Rational Deployment of Multiple Heuristics in {A}}},
	booktitle = {{IJCAI} 2013, Proceedings of the 23rd International Joint Conference
		on Artificial Intelligence},
	pages     = {674--680},
	year      = {2013},
	crossref  = {DBLP:conf/ijcai/2013},
	url       = {http://www.aaai.org/ocs/index.php/IJCAI/IJCAI13/paper/view/6651},
	timestamp = {Wed, 20 Jul 2016 15:16:56 +0200},
	biburl    = {https://dblp.org/rec/bib/conf/ijcai/TolpinBSFK13},
	bibsource = {dblp computer science bibliography, https://dblp.org}
}

@inproceedings{DBLP:conf/aaai/Mutchler86,
	author    = {David Mutchler},
	title     = {{Optimal Allocation of Very Limited Search Resources}},
	booktitle = {Proceedings of the 5th National Conference on Artificial Intelligence.
		Volume 1: Science.},
	pages     = {467--471},
	year      = {1986},
	crossref  = {DBLP:conf/aaai/1986-1},
	url       = {http://www.aaai.org/Library/AAAI/1986/aaai86-078.php},
	timestamp = {Wed, 12 Dec 2012 15:08:20 +0100},
	biburl    = {https://dblp.org/rec/bib/conf/aaai/Mutchler86},
	bibsource = {dblp computer science bibliography, https://dblp.org}
}

@inproceedings{DBLP:conf/socs/OCeallaighR15,
	author    = {Dylan O'Ceallaigh and
		Wheeler Ruml},
	title     = {{Metareasoning in Real-Time Heuristic Search}},
	booktitle = {Proceedings of the Eighth Annual Symposium on Combinatorial Search,
		{SOCS} 2015.},
	pages     = {87--95},
	year      = {2015},
	crossref  = {DBLP:conf/socs/2015},
	url       = {http://www.aaai.org/ocs/index.php/SOCS/SOCS15/paper/view/11261},
	timestamp = {Fri, 12 Jun 2015 18:29:13 +0200},
	biburl    = {https://dblp.org/rec/bib/conf/socs/OCeallaighR15},
	bibsource = {dblp computer science bibliography, https://dblp.org}
}

@book{DBLP:books/daglib/0069195,
	author    = {Stuart J. Russell and
		Eric Wefald},
	title     = {{Do the right thing - studies in limited rationality}},
	publisher = {{MIT} Press},
	year      = {1991},
	isbn      = {978-0-262-18144-0},
	timestamp = {Tue, 19 Apr 2011 17:04:46 +0200},
	biburl    = {https://dblp.org/rec/bib/books/daglib/0069195},
	bibsource = {dblp computer science bibliography, https://dblp.org}
}

@inproceedings{DBLP:conf/socs/WiltTR10,
	author    = {Christopher Makoto Wilt and
	Jordan Tyler Thayer and
	Wheeler Ruml},
	title     = {{A Comparison of Greedy Search Algorithms}},
	booktitle = {Proceedings of the Third Annual Symposium on Combinatorial Search,
	{SOCS} 2010},
	year      = {2010},
	crossref  = {DBLP:conf/socs/2010},
	url       = {http://aaai.org/ocs/index.php/SOCS/SOCS10/paper/view/2101},
	timestamp = {Tue, 28 Jun 2011 13:00:05 +0200},
	biburl    = {https://dblp.org/rec/bib/conf/socs/WiltTR10},
	bibsource = {dblp computer science bibliography, https://dblp.org}
}